@article{tezos,
  title={Tezos -- a self-amending crypto-ledger White paper},
  author={Goodman, LM},
  year={2014}
}

@article{nomic,
	title={Nomic: A game of self-amendment},
	author={Suber, Peter},
	journal={The Paradox of Self-Amendment. Peter Lang Publishing},
	year={1990}
}

@article{camilleri2010playing,
	title={Playing Nomic using a Controlled Natural Language},
	author={Camilleri, John J and Pace, Gordon J and Rosner, Michael},
	year={2010}
}